@String{pub-AW          = "Ad{\-d}i{\-s}on-Wes{\-l}ey"}

@article {PS12,
  author = "Sysel, P. and Rajmic, P.",
  title = "Goertzel algorithm generalized to non-integer multiples of fundamental frequency",
  journal = "EURASIP Journal on Advances in Signal Processing",
  year = 2012,
  volume = "2012:56"
}

@Book{DSPGuide,
  author = "Smith, S. W.",
  title = "The Scientist and Engineer's Guide to Digital Signal Processing",
  publisher = "California Technical Pub",
  year = 1997,
  ISBN = "0-9660176-3-3"
}

@misc{JOSFilters,
  author = "Smith, J. O.",
  title = "Introduction to digital filters, with audio applications",
  year = 2007,
  howpublished = "[on-line] \url{https://ccrma.stanford.edu/~jos/filters}"
}

@misc{JOSDFT,
  author = "Smith, J. O.",
  title = "Mathematics of the Discrete Fourier Transform, with audio applications",
  year = 2009,
  howpublished = "[on-line] \url{http://www.dsprelated.com/dspbooks/mdft}"
}

@misc{WAVS,
  title = "W. A. V. S. Compression",
  author = "Virani, A. et al.",
  howpublished = "[on-line] \url{http://www.aamusings.com/project-documentation/wavs/index.html}"
}

@article{DTMF,
  author = "Mock, P.",
  title = "Add DTMF generation and decoding to DSP-uP designs",
  journal = "Digital Signal Processing Applications with the TMS320 Family, vol. 1.",
  year = 1987
}

@misc{Applidium,
  author = "Applidium",
  title = "Audio Modem: data over sound",
  year = 2013,
  howpublished = "[on-line] \url{http://applidium.com/en/news/data_transfer_through_sound}"
}

@article{ReedSolo,
  author = "Clarke, C. K. P.",
  title = "Reed-Solomon Error Correction",
  journal = "BBC Research \& Development",
  year = 2002,
  howpublished = "[on-line] \url{http://downloads.bbc.co.uk/rd/pubs/whp/whp-pdf-files/WHP031.pdf}"
}

@book{ReedSoloApplications,
  author = "Wicker, S. B. and Bhargava, V. K.",
  title = "Reed-Solomon codes and their applications",
  year = 1994,
}

@article{Bark,
  author = "Zwicker, E.",
  title = "Subdivision of the Audible Frequency Range into Critical Bands",
  journal = "The Journal of Acoustical Society of America",
  year = 1961
}

@inbook{ASP,
  author = "DÄ…browski, A. and Marciniak, T.",
  title = "The Computer Engineering Handbook",
  publisher = "CRC Press LCC",
  year = 2002,
  chapter = "Audio Signal Processing"
}

@article{MPEG,
  author = "Brandenburg, K. and Bosi, M.",
  title = "Overview of MPEG audio: current and future standards for low-bit-rate audio coding",
  journal = "J. Audio Eng. Soc.",
  year = 1997,
  volume = 4
}

@book{DigiCoding,
  author = "Jayant, N. S. and Noll, P.",
  title = "Digital coding of waveforms: principles and applications to speech and video",
  publisher = "Prentice-Hall, Englewood Cliffs, NJ",
  year = 1984
}

@book{HearPsych,
  author = "Moore, B. C. J.",
  title = "An introduction to the psychology of hearing",
  publisher = "Academic Press, London",
  year = 1997
}

@inproceedings{DigiAudio,
  author = "Noll, P. and Liebchen, T.",
  title = "Digital audio: from lossless to transparent coding",
  booktitle = "Proc. IEEE Signal Processing Workshop",
  editor = "Dabrowski, A.",
  publisher = "IEEE Poland Section, Chapter Circuits and Systems, Poznan, Poland",
  year = "1999"
}

@book{DiscreteDSP,
  author = "Oppenheim, A. and Schafer, R.",
  title = "Discrete-time signal processing",
  publisher = "Prentice-Hall, Englewood Cliffs, NJ",
  year = 1989
}
